@article{Sakaguchi1982,
author = {Sakaguchi, H. and Nakamura, M. and Hatanaka, K. and Goto, A. and Noro, T and Ohtani, F and Sakamoto, H and Ogawa, H and Kobayashi, S},
doi = {10.1103/PhysRevC.26.944},
issn = {05562813},
journal = {Physical Review C},
number = {3},
pages = {944--960},
title = {{Elastic scattering of 65 MeV polarized protons}},
volume = {26},
year = {1982}
}
@article{Koning2003,
author = {Koning, A. J. and Delaroche, J. P.},
doi = {10.1016/S0375-9474(02)01321-0},
issn = {03759474},
journal = {Nuclear Physics A},
number = {3-4},
pages = {231--310},
title = {{Local and global nucleon optical models from 1 keV to 200 MeV}},
volume = {713},
year = {2003}
}
