@FOOTNOTE{Note1,key="Note1",note="\protect \texttt  {https://www-nds.iaea.org/RIPL-3/}"}
@CONTROL{REVTEX41Control}
@CONTROL{apsrev41Control,author="08",editor="1",pages="0",title="",year="1"}
